@Inbook{Siefken2016,
author="Siefken, Sven T.",
editor="Falk, Svenja
and Glaab, Manuela
and R{\"o}mmele, Andrea
and Schober, Henrik
and Thunert, Martin",
title="Expertenkommissionen der Bundesregierung",
bookTitle="Handbuch Politikberatung",
year="2016",
publisher="Springer Fachmedien Wiesbaden",
address="Wiesbaden",
pages="1--17",
abstract="Expertenkommissionen geh{\"o}ren zum festen Inventar der Politikberatung in Deutschland. Sie k{\"o}nnen neben der fachlichen Beratung insbesondere zu symbolischen Zwecken sowie zur Steigerung der Legitimation staatlichen Handelns genutzt werden. Der Beitrag bietet einen Gesamt{\"u}berblick {\"u}ber die Expertenkommissionen der Bundesregierung in Deutschland von 1998 bis 2015 und arbeitet ihre Besonderheiten heraus, um die Rolle der Gremien im politischen Prozess herzuleiten. Dazu werden abschlie{\ss}end verschiedene Modelle vorgestellt und vor dem Hintergrund des aktuellen Standes empirischer Forschung diskutiert. Im Ergebnis wird deutlich, dass es f{\"u}r weitere Analysen der gr{\"u}ndlichen Einzelfallbetrachtung bedarf.",
isbn="978-3-658-07461-6",
doi="10.1007/978-3-658-07461-6_14-1",
url="https://doi.org/10.1007/978-3-658-07461-6_14-1"
}

