@Inbook{Siefken2016,
author="Siefken, Sven T.",
editor="Falk, Svenja
and Glaab, Manuela
and R{\"o}mmele, Andrea
and Schober, Henrik
and Thunert, Martin",
title="Expertenkommissionen der Bundesregierung",
bookTitle="Handbuch Politikberatung",
year="2016",
publisher="Springer Fachmedien Wiesbaden",
address="Wiesbaden",
pages="1--17",
abstract="Expertenkommissionen geh{\"o}ren zum festen Inventar der Politikberatung in Deutschland. Sie k{\"o}nnen neben der fachlichen Beratung insbesondere zu symbolischen Zwecken sowie zur Steigerung der Legitimation staatlichen Handelns genutzt werden. Der Beitrag bietet einen Gesamt{\"u}berblick {\"u}ber die Expertenkommissionen der Bundesregierung in Deutschland von 1998 bis 2015 und arbeitet ihre Besonderheiten heraus, um die Rolle der Gremien im politischen Prozess herzuleiten. Dazu werden abschlie{\ss}end verschiedene Modelle vorgestellt und vor dem Hintergrund des aktuellen Standes empirischer Forschung diskutiert. Im Ergebnis wird deutlich, dass es f{\"u}r weitere Analysen der gr{\"u}ndlichen Einzelfallbetrachtung bedarf.",
isbn="978-3-658-07461-6",
doi="10.1007/978-3-658-07461-6_14-1",
url="https://doi.org/10.1007/978-3-658-07461-6_14-1"
}

@misc{tucker2019, title={Social media, political polarization, and political disinformation: A review of the scientific literature}, url={https://hdl.handle.net/2134/37088}, abstractNote={The following report is intended to provide an overview of the current state of the literature on the relationship between social media; political polarization; and political “disinformation,” a term used to encompass a wide range of types of information about politics found online, including “fake news,” rumors, deliberately factually incorrect information, inadvertently factually incorrect information, politically slanted information, and “hyperpartisan” news. The review of the literature is provided in six separate sections, each of which can be read individually but that cumulatively are intended to provide an overview of what is known—and unknown—about the relationship between social media, political polarization, and disinformation. The report concludes by identifying key gaps in our understanding of these phenomena and the data that are needed to address them.}, publisher={figshare}, author={Tucker, Joshua A. and Guess, Andrew and Barbera, Pablo and Vaccari, Cristian and Siegel, Alexandra and Sanovich, Sergey and Stukal, Denis and Nyhan, Brendan}, year={2019}, month={Aug}}

@article{barberá_2019, title={Who Leads? Who Follows? Measuring Issue Attention and Agenda Setting by Legislators and the Mass Public Using Social Media Data}, volume={113}, DOI={10.1017/S0003055419000352}, number={4}, journal={American Political Science Review}, publisher={Cambridge University Press}, author={BARBERÁ, PABLO and CASAS, ANDREU and NAGLER, JONATHAN and EGAN, PATRICK J. and BONNEAU, RICHARD and JOST, JOHN T. and TUCKER, JOSHUA A.}, year={2019}, pages={883–901}}